@manual{trillium120manual,
title={Trillium 120Q/QA User Guide},
organization={Nanometrics Inc.},
address={250 Herzberg Road Kanata, Ontario, Canada K2K 2A1},
month={04},
year={2017},
}
@article{longuet1950theory,
  title={A theory of the origin of microseisms},
  author={Longuet-Higgins, Michael Selwyn},
  journal={Philosophical Transactions of the Royal Society of London. Series A, Mathematical and Physical Sciences},
  volume={243},
  number={857},
  pages={1--35},
  year={1950},
  publisher={The Royal Society London},
  note={\href{https://royalsocietypublishing.org/doi/abs/10.1098/rsta.1950.0012}{Link}}
}

@techreport{peterson1980test,
  title={Test and calibration of the seismic research observatory},
  author={Peterson, Jon and Hutt, Charles R and Holcomb, L Gary},
  year={1980},
  institution={Geological Survey (US)}
}

@article{barzilai1998technique,
  title={Technique for measurement of the noise of a sensor in the presence of large background signals},
  author={Barzilai, Aaron and VanZandt, Tom and Kenny, Tom},
  journal={Review of scientific instruments},
  volume={69},
  number={7},
  pages={2767--2772},
  year={1998},
  publisher={AIP}
}

@article{barzilai1998technique,
  title={Technique for measurement of the noise of a sensor in the presence of large background signals},
  author={Barzilai, Aaron and VanZandt, Tom and Kenny, Tom},
  journal={Review of scientific instruments},
  volume={69},
  number={7},
  pages={2767--2772},
  year={1998},
  publisher={AIP}
}

@article{uchiyama2014excavation,
  title={Excavation of an underground site for a km-scale laser interferometric gravitational-wave detector},
  author={Uchiyama, T and Furuta, K and Ohashi, M and Miyoki, S and Miyakawa, O and Saito, Y},
  journal={Classical and Quantum Gravity},
  volume={31},
  number={22},
  pages={224005},
  year={2014},
  publisher={IOP Publishing},
  note={\href{https://iopscience.iop.org/article/10.1088/0264-9381/31/22/224005/meta}{Link}}
}

@article{isozaki2010new,
  title={New insight into a subduction-related orogen: a reappraisal of the geotectonic framework and evolution of the Japanese Islands},
  author={Isozaki, Yukio and Aoki, Kazumasa and Nakama, Takaaki and Yanai, Shuichi},
  journal={Gondwana Research},
  volume={18},
  number={1},
  pages={82--105},
  year={2010},
  publisher={Elsevier},
  note={\href{https://www.sciencedirect.com/science/article/pii/S1342937X10000584}{Link}}  
}

@article{aso2013interferometer, 
  title={Interferometer design of the KAGRA gravitational wave detector},
  author={Aso, Yoichi and Michimura, Yuta and Somiya, Kentaro and Ando, Masaki and Miyakawa, Osamu and Sekiguchi, Takanori and Tatsumi, Daisuke and Yamamoto, Hiroaki},
  journal={PHYSICAL REVIEW D Phys Rev D},
  volume={88},
  pages={043007},
  year={2013},
  publisher={American Physical Society},
  note={\href{https://journals.aps.org/prd/abstract/10.1103/PhysRevD.88.043007}{Link}}  
}

@article{akutsu2017construction,
    author = {Akutsu, T and et. al.},
    title = {Construction of KAGRA: an underground gravitational-wave observatory},
    journal = {Progress of Theoretical and Experimental Physics},
    volume = {2018},
    number = {1},
    year = {2018},
    month = {01},
    issn = {2050-3911},
    doi = {10.1093/ptep/ptx180},
    url = {https://doi.org/10.1093/ptep/ptx180},    
    note={\href{http://oup.prod.sis.lan/ptep/article-pdf/2018/1/013F01/23570266/ptx180.pdf}{Link}}
}


@article{Somiya2012detector,
	doi = {10.1088/0264-9381/29/12/124007},
	note = {\href{https://iopscience.iop.org/article/10.1088/0264-9381/29/12/124007}{Link}},
	year = 2012,
	month = {jun},
	publisher = {{IOP} Publishing},
	volume = {29},
	number = {12},
	pages = {124007},
	author = {Kentaro Somiya},
	title = {Detector configuration of KAGRA the Japanese cryogenic gravitational-wave detector},
	journal={Classical and Quantum Gravity},
}

@phdthesis{Okutomi2019development,
title={Development of 13.5-meter-tall Vibration Isolation System for the Main Mirrors in KAGRA},
note={\href{https://gwdoc.icrr.u-tokyo.ac.jp/cgi-bin/DocDB/ShowDocument?docid=9347}{Link}},
author={Koki, Okutomi},
school={SOKENDAI, The Graduate University for Advanced Studies},
year=2019
}

@article{Bormann2012new,
title={New Manual of Seismological Observatory Practice},
author={Bormann, P},
doi={10.2312/GFZ.NMSOP-2},
year=2012,
publisher={IASPEI},
journal={GFZ German Research Centre for Geosciences},
note={\href{http://bib.telegrafenberg.de/publizieren/vertrieb/nmsop/}{Link}}
}

@article{haubrich1963comparative,
  title={Comparative spectra of microseisms and swell},
  author={Haubrich, RA and Munk, WH and Snodgrass, FE},
  journal={Bulletin of the Seismological Society of America},
  volume={53},
  number={1},
  pages={27--37},
  year={1963},
  publisher={The Seismological Society of America},
  note={\href{https://pubs.geoscienceworld.org/ssa/bssa/article/53/1/27/116108/comparative-spectra-of-microseisms-and-swell}{Link}}
}