@article{matichard2015seismic,
  title={Seismic isolation of Advanced LIGO: Review of strategy, instrumentation and performance},
  author={Matichard, F and Lantz, B and Mittleman, R and Mason, K and Kissel, J and Abbott, B and Biscans, S and McIver, J and Abbott, R and Abbott, S and others},
  journal={Classical and Quantum Gravity},
  volume={32},
  number={18},
  pages={185003},
  year={2015},
  publisher={IOP Publishing}
}
@article{sekiguchiD2016,
  title={A Study of Low Frequency Vibration Isolation System for Large Scale Gravitational Wave Detectors},
  author={T Sekiguchi},
  journal={PhD thesis},
  year={2016},
}
@article{okutomiD2016,
  title={Development of 13.5-meter-tall Vibration Isolation System for the Main Mirrors in KAGRA},
  author={K Okutomi},
  journal={PhD thesis},
  year={2019},
}
@article{kedar2008origin,
  title={The origin of deep ocean microseisms in the North Atlantic Ocean},
  author={Kedar, Sharon and Longuet-Higgins, Michael and Webb, Frank and Graham, Nicholas and Clayton, Robert and Jones, Cathleen},
  journal={Proceedings of the Royal Society A: Mathematical, Physical and Engineering Sciences},
  volume={464},
  number={2091},
  pages={777--793},
  year={2008},
  publisher={The Royal Society London}
}
@article{taguchi2000two,
  title={Two-degree-of-freedom PID controllersâ€”their functions and optimal tuning},
  author={Taguchi, Hidefumi and Araki, Mituhiko},
  journal={IFAC Proceedings Volumes},
  volume={33},
  number={4},
  pages={91--96},
  year={2000},
  publisher={Elsevier}
}
