@article{竹本修三2003神岡鉱山における,
  title={神岡鉱山における 100 メートルレーザー伸縮計について},
  author={竹本修三 and 新谷昌人 and 赤松純平 and 森井亙 and 東敏博 and 福田洋一 and 尾上謙介 and 市川信夫 and 川崎一朗 and 大橋正健 and others},
  year={2003},
  publisher={京都大学防災研究所}
}