@article{araki2003two,
  title={Two-degree-of-freedom PID controllers},
  author={Araki, Mituhiko and Taguchi, Hidefumi},
  journal={International Journal of Control, Automation, and Systems},
  volume={1},
  number={4},
  pages={401--411},
  year={2003}
  }

@article{biscans2018control,
  title={Control strategy to limit duty cycle impact of earthquakes on the LIGO gravitational-wave detectors},
  author={Biscans, S and Warner, J and Mittleman, R and Buchanan, C and Coughlin, M and Evans, M and Gabbard, H and Harms, J and Lantz, B and Mukund, N and others},
  journal={Classical and Quantum Gravity},
  volume={35},
  number={5},
  pages={055004},
  year={2018},
  publisher={IOP Publishing}
  }