@techreport{peterson1980test,
  title={Test and calibration of the seismic research observatory},
  author={Peterson, Jon and Hutt, Charles R and Holcomb, L Gary},
  year={1980},
  institution={Geological Survey (US)}
}

@article{barzilai1998technique,
  title={Technique for measurement of the noise of a sensor in the presence of large background signals},
  author={Barzilai, Aaron and VanZandt, Tom and Kenny, Tom},
  journal={Review of scientific instruments},
  volume={69},
  number={7},
  pages={2767--2772},
  year={1998},
  publisher={AIP}
}

@article{barzilai1998technique,
  title={Technique for measurement of the noise of a sensor in the presence of large background signals},
  author={Barzilai, Aaron and VanZandt, Tom and Kenny, Tom},
  journal={Review of scientific instruments},
  volume={69},
  number={7},
  pages={2767--2772},
  year={1998},
  publisher={AIP}
}